<record><leader>00000cas a2200000 a 4500</leader><controlfield tag="001">28094564</controlfield><controlfield tag="008">930512d19011902ilucr ne      0   a0eng c</controlfield><datafield ind1=" " ind2=" " tag="010"><subfield code="a">sn 93055877 </subfield></datafield><datafield ind1=" " ind2=" " tag="040"><subfield code="a">NVF</subfield><subfield code="b">eng</subfield><subfield code="c">NVF</subfield><subfield code="d">NVF</subfield><subfield code="d">OCLCF</subfield><subfield code="d">NVF</subfield><subfield code="d">OCLCO</subfield></datafield><datafield ind1="1" ind2=" " tag="029"><subfield code="a">AU@</subfield><subfield code="b">000020740617</subfield></datafield><datafield ind1=" " ind2=" " tag="042"><subfield code="a">pcc</subfield></datafield><datafield ind1=" " ind2=" " tag="043"><subfield code="a">n-us-il</subfield></datafield><datafield ind1="0" ind2="0" tag="245"><subfield code="a">Lincoln semi-weekly courier.</subfield></datafield><datafield ind1="3" ind2=" " tag="246"><subfield code="a">Lincoln semiweekly courier</subfield></datafield><datafield ind1=" " ind2=" " tag="260"><subfield code="a">Lincoln, Ill. :</subfield><subfield code="b">John Edmonds,</subfield><subfield code="c">1901-1902.</subfield></datafield><datafield ind1=" " ind2=" " tag="300"><subfield code="a">v.</subfield></datafield><datafield ind1=" " ind2=" " tag="310"><subfield code="a">Semiweekly</subfield></datafield><datafield ind1="0" ind2=" " tag="362"><subfield code="a">Vol. 12, no. 20 (Mar. 29, 1901)-v. 13, no. 5 (Feb. 7, 1902).</subfield></datafield><datafield ind1=" " ind2="0" tag="651"><subfield code="a">Lincoln (Ill.)</subfield><subfield code="v">Newspapers.</subfield></datafield><datafield ind1=" " ind2="7" tag="651"><subfield code="a">Illinois</subfield><subfield code="z">Lincoln.</subfield><subfield code="2">fast</subfield><subfield code="0">(OCoLC)fst01225922</subfield></datafield><datafield ind1=" " ind2="7" tag="655"><subfield code="a">Newspapers.</subfield><subfield code="2">fast</subfield><subfield code="0">(OCoLC)fst01423814</subfield></datafield><datafield ind1=" " ind2=" " tag="752"><subfield code="a">United States</subfield><subfield code="b">Illinois</subfield><subfield code="c">Logan</subfield><subfield code="d">Lincoln.</subfield></datafield><datafield ind1="0" ind2=" " tag="775"><subfield code="t">Lincoln daily courier (Lincoln, Ill. : 1889)</subfield><subfield code="w">(DLC)sn 87082768</subfield><subfield code="w">(OCoLC)15871668</subfield></datafield><datafield ind1="0" ind2="0" tag="780"><subfield code="t">Lincoln weekly courier</subfield><subfield code="w">(DLC)sn 93055876</subfield><subfield code="w">(OCoLC)28094512</subfield></datafield><datafield ind1="0" ind2="0" tag="785"><subfield code="t">Lincoln courier (Lincoln, Ill. : 1902)</subfield><subfield code="w">(DLC)sn 93055878</subfield><subfield code="w">(OCoLC)28094630</subfield></datafield></record>